<?xml version="1.0" encoding="utf-8"?>
<record xmlns="http://www.loc.gov/MARC21/slim" xmlns:xsi="http://www.w3.org/2001/XMLSchema-instance" xsi:schemaLocation="http://www.loc.gov/MARC21/slim http://www.loc.gov/standards/marcxml/schema/MARC21slim.xsd">
	<leader>     nam a22        4500</leader>
	<controlfield tag="001">939847</controlfield>
	<controlfield tag="003">NjP</controlfield>
	<controlfield tag="006">m        d        </controlfield>
	<controlfield tag="007">cr cn |||m|||a</controlfield>
	<controlfield tag="008">160519s1885    tu      o     000 0 ara d</controlfield>
	<datafield ind1=" " ind2=" " tag="040">
		<subfield code="a">NNU</subfield>
		<subfield code="b">eng</subfield>
		<subfield code="e">rda</subfield>
		<subfield code="c">NNU</subfield>
	</datafield>
	<datafield ind1="0" ind2="3" tag="245">
		<subfield code="6">880-01</subfield>
		<subfield code="a">al-Tuḥfah al-bahīyah wa-al-ṭurfah al-shahīyah :</subfield>
		<subfield code="b">fī-hā sabʻa ʻashrata majmūʻah muntakhabah tashtamilu ʻalá adabīyāt muʻjibah wa-nawādir muṭribah.</subfield>
	</datafield>
	<datafield ind1=" " ind2=" " tag="260">
		<subfield code="6">880-02</subfield>
		<subfield code="a">Qusṭanṭīnīyah :</subfield>
		<subfield code="b">Maṭbaʻat al-Jawāʼib,</subfield>
		<subfield code="c">1302 [1885]</subfield>
	</datafield>
	<datafield ind1=" " ind2=" " tag="300">
		<subfield code="a">online resource (8, 296 pages)</subfield>
	</datafield>
	<datafield ind1=" " ind2=" " tag="336">
		<subfield code="a">text</subfield>
		<subfield code="2">rdacontent</subfield>
	</datafield>
	<datafield ind1=" " ind2=" " tag="337">
		<subfield code="a">computer</subfield>
		<subfield code="2">rdamedia</subfield>
	</datafield>
	<datafield ind1=" " ind2=" " tag="338">
		<subfield code="a">online resource</subfield>
		<subfield code="2">rdacarrier</subfield>
	</datafield>
	<datafield ind1=" " ind2=" " tag="500">
		<subfield code="a">Part of the Arabic Collections Online (ACO) project, contributed by Princeton University Libraries.</subfield>
	</datafield>
	<datafield ind1="0" ind2=" " tag="505">
		<subfield code="a">1. Amthāl Abī ʻUbayd al-Qāsim ibn Sallām -- 2. al-Durr al-munẓam fī al-waʻẓ wa-al-ḥikam -- 3. Kalimāt wa-ashʻār ḥikmīyah mukhtārah -- 4. Sabab waḍʻ ʻilm al-ʻArabīyah / li-Jalāl al-Dīn al-Suyuūṭī -- 5. Fī ʻilm al-khaṭṭ / la-hu ayḍan -- 6. Tanbīh al-nāʼim al-ghumr ʻalá mawāsim al-ʻumr / li-Abī al-Faraj ibn al-Jawzī -- 7. Raṣf al-āl fī waṣf al-hilāl / lil-Suyūṭī -- 8. Zahr al-rabīʻ fī al-mathal al-badīʻ ʻalá ḥurūf al-muʻjam -- 9. Amthāl Sayyidinā ʻAlī, karrama Allāh wajhahu, ʻalá ḥurūf al-muʻjam -- 10. al-Nuzhah al-sanīyah fī dhikr al-khulafāʼ wa-al-mulūk al-Miṣrīyah / li-Ḥasan al-Ṭūlūnī -- 11. al-Risālah al-Ḥātimīyah lil-ʻAllāmah Abī ʻAlī Muḥammad ibn al-Muẓaffar al-Ḥātimī fī muwāfaqat shiʻr al-Mutanabbī li-kalām Arisṭāṭālīs -- 12. al-Urjūzah al-Raḥbīyah fī al-farāʼiḍ / li-Muwaffaq al-Dīn al-Raḥbī -- 13. Risālat ʻAbd al-Wāsiʻ fī taqallub al-zamān wa-tabaddul al-aḥbāb -- 14. Riwāyāt laṭīfah wa-ḥikāyāt muntakhabah ẓarīfah -- 15. Fī al-alghāz -- 16. Fī al-tafḍīl bayna balāghatay al-ʻArab wa-al-ʻAjam / li-Abī Hilāl al-ʻAskarī -- 17. al-Amr al-muḥkamm al-marbūṭ fī mā yalzamu ahl ṭarīq Allāh min al-mashrūṭ / li-Muḥyī al-Dīn al-ʻArabī -- [18]. Khātimat al-Tuḥfah, Kitāb Man ghāba ʻanhu al-muṭrib / li-Abī Manṣūr al-Thaʻālibī.</subfield>
	</datafield>
	<datafield ind1=" " ind2=" " tag="533">
		<subfield code="a">Electronic reproduction.</subfield>
		<subfield code="b">New York, N.Y. :</subfield>
		<subfield code="c">New York University,</subfield>
		<subfield code="d">2016.</subfield>
		<subfield code="5">NNU</subfield>
	</datafield>
	<datafield ind1=" " ind2="0" tag="650">
		<subfield code="a">Arabic literature.</subfield>
	</datafield>
	<datafield ind1=" " ind2="7" tag="650">
		<subfield code="a">Arabic literature.</subfield>
		<subfield code="2">fast</subfield>
		<subfield code="0">(OCoLC)fst00812478</subfield>
	</datafield>
	<datafield ind1="2" ind2=" " tag="710">
		<subfield code="a">Princeton University.</subfield>
		<subfield code="b">Library.</subfield>
	</datafield>
	<datafield ind1="0" ind2=" " tag="730">
		<subfield code="a">Arabic Collections Online.</subfield>
	</datafield>
	<datafield ind1="0" ind2="8" tag="776">
		<subfield code="i">Print version:</subfield>
		<subfield code="t">al-Tuḥfah al-bahīyah wa-al-ṭurfah al-shahīyah</subfield>
		<subfield code="w">(NjP)939847</subfield>
		<subfield code="w">(OCoLC)31823671</subfield>
	</datafield>
	<datafield ind1="4" ind2="0" tag="856">
		<subfield code="u">http://hdl.handle.net/2333.1/2v6wwsv8</subfield>
	</datafield>
	<datafield ind1="0" ind2="2" tag="880">
		<subfield code="6">245-01</subfield>
		<subfield code="a">التحفة البهية والطرفة الشهية :</subfield>
		<subfield code="b">فيها سبع عشرت مجموعة منتخبة تشتمل على ادبيات معجبة ونوادر مطربة.</subfield>
	</datafield>
	<datafield ind1=" " ind2=" " tag="880">
		<subfield code="6">260-02</subfield>
		<subfield code="a">قسطنطينية :</subfield>
		<subfield code="b">مطبعة الجوائب،</subfield>
		<subfield code="c">1302 [1885]</subfield>
	</datafield>
	<datafield ind1=" " ind2=" " tag="959">
		<subfield code="a">NNU</subfield>
		<subfield code="b">WEB</subfield>
		<subfield code="c">GENI</subfield>
		<subfield code="t">0</subfield>
		<subfield code="m">Electronic access</subfield>
		<subfield code="s">01</subfield>
	</datafield>
	<datafield ind1=" " ind2=" " tag="999">
		<subfield code="i">NjP_939847</subfield>
		<subfield code="o">(OCoLC)ocm31823671</subfield>
		<subfield code="s">princeton_aco000175</subfield>
		<subfield code="e">(ERROR-880)</subfield>
		<subfield code="s">princeton_aco000175</subfield>
	</datafield>
</record>
